<?xml version="1.0" encoding="UTF-8"?><collection xmlns="http://www.loc.gov/MARC21/slim"><record><leader>00388nam--2200133-i-4500</leader><controlfield tag="001">000023132</controlfield><controlfield tag="002">20161230</controlfield><controlfield tag="005">20161230201034</controlfield><controlfield tag="008">060222s1000------------r-----000-0-eng-d</controlfield><datafield ind1=" " ind2=" " tag="100"><subfield code="a">Gregory, Robert T</subfield></datafield><datafield ind1=" " ind2=" " tag="245"><subfield code="a">Karney, david l</subfield></datafield><datafield ind1=" " ind2=" " tag="260"><subfield code="a">A Collection Of Matrices For Testing Computational Algorithms</subfield></datafield><datafield ind1=" " ind2=" " tag="490"><subfield code="a">New York, Wiley-interscience, 1969. Ix + 154 P</subfield></datafield><datafield ind1=" " ind2=" " tag="852"><subfield code="a">512.83:681.3.06</subfield></datafield></record></collection>